@article{einstein1905,
  title={On the electrodynamics of moving bodies},
  author={Einstein, Albert},
  journal={Annalen der Physik},
  volume={322},
  number={10},
  pages={891--921},
  year={1905},
  publisher={Wiley Online Library}
}

@book{knuth1984,
  title={The TeXbook},
  author={Knuth, Donald E.},
  year={1984},
  publisher={Addison-Wesley}
}