@article{chris,
  title={Percolation theory},
  author={Christensen, Kim},
  journal={Imperial College London, London},
  pages={40},
  year={2002}
}


@article{dor,
  title={Evolution of networks},
  author={Dorogovtsev, Sergey N and Mendes, Jose FF},
  journal={Advances in physics},
  volume={51},
  number={4},
  pages={1079--1187},
  year={2002},
  publisher={Taylor \& Francis}
}
@article{go,
  title={Bootstrap Percolation on Spatial Networks},
  author={Gao, Jian and Zhou, Tao and Hu, Yanqing},
  journal={Scientific reports},
  volume={5},
  year={2015},
  publisher={Nature Publishing Group}
}

@inproceedings{broad,
  title={Percolation processes},
  author={Broadbent, Simon R and Hammersley, John M},
  booktitle={Mathematical Proceedings of the Cambridge Philosophical Society},
  volume={53},
  number={03},
  pages={629--641},
  year={1957},
  organization={Cambridge Univ Press}
  }
  

@article{hasen,
  title={Project in Computational Physics},
  author={Hasenbusch, Jan and Wilhelm, Matthias},
   year={2011}
}


@article{stam,
  title={Characterization of anatomical and functional connectivity in the brain: a complex networks perspective},
  author={Stam, CJ},
  journal={International Journal of Psychophysiology},
  volume={77},
  number={3},
  pages={186--194},
  year={2010},
  publisher={Elsevier}
}

@book{soode,
   title =     {Evolution of Networks: From Biological Nets to the Internet and WWW},
   author =    {Dorogovtsev S. N., Mendes J. F. F.},
   publisher = {Oxford University Press},
   isbn =      {,8580000043389},
   year =      {2003},
   series =    {},
   edition =   {},
   volume =    {},
   url =       {http://gen.lib.rus.ec/book/index.php?md5=AF00B63122F2BEB7D55FAD87CD15A51F}}

@article{sorian,
  title={Percolation approach to study connectivity in living neural networks},
  author={Soriano, Jordi and Breskin, Ilan and Moses, Elisha and Tlusty, Tsvi},
  journal={arXiv preprint arXiv:1007.5016},
  year={2010}
}


@book{boccara,
  title={Modeling complex systems},
  author={Boccara, Nino},
  year={2010},
  publisher={Springer Science \& Business Media}
}


@article{sori,
  title={Development of input connections in neural cultures},
  author={Soriano, Jordi and Mart{\'\i}nez, Mar{\'\i}a Rodr{\'\i}guez and Tlusty, Tsvi and Moses, Elisha},
  journal={Proceedings of the National Academy of Sciences},
  volume={105},
  number={37},
  pages={13758--13763},
  year={2008},
  publisher={National Acad Sciences}
}


@article{bear,
  title={Exploring the brain},
  author={Bear, MF and Connors, Barry W and Paradiso, M and Bear, MF and Connors, BW and Neuroscience, MA},
  journal={Neuroscience: Williams \& Wilkins},
  year={1996}
  }


@book{kandel,
  title={Principles of neural science},
  author={Kandel, Eric R and Schwartz, James H and Jessell, Thomas M and others},
  volume={4},
  year={2000},
  publisher={McGraw-hill New York}
  }


@book{ermen,
  title={Mathematical foundations of neuroscience},
  author={Ermentrout, G Bard and Terman, David H},
  volume={35},
  year={2010},
  publisher={Springer Science \& Business Media}
} 


@book{lodish,
  title={Molecular cell biology},
  author={Lodish, Harvey and Berk, Arnold and Zipursky, S Lawrence and Matsudaira, Paul and Baltimore, David and Darnell, James and others},
  volume={4},
  year={2000},
  publisher={WH Freeman New York}
  }
  

@article{costa,
  title={Analyzing and modeling real-world phenomena with complex networks: a survey of applications},
  author={Costa, Luciano da Fontoura and Oliveira Jr, Osvaldo N and Travieso, Gonzalo and Rodrigues, Francisco Aparecido and Villas Boas, Paulino Ribeiro and Antiqueira, Lucas and Viana, Matheus Palhares and Correa Rocha, Luis Enrique},
  journal={Advances in Physics},
  volume={60},
  number={3},
  pages={329--412},
  year={2011},
  publisher={Taylor \& Francis}
}


@article{boc,
  title={Complex networks: Structure and dynamics},
  author={Boccaletti, Stefano and Latora, Vito and Moreno, Yamir and Chavez, Martin and Hwang, D-U},
  journal={Physics reports},
  volume={424},
  number={4},
  pages={175--308},
  year={2006},
  publisher={Elsevier}
}


@article{albert,
  title={Statistical mechanics of complex networks},
  author={Albert, R{\'e}ka and Barab{\'a}si, Albert-L{\'a}szl{\'o}},
  journal={Reviews of modern physics},
  volume={74},
  number={1},
  pages={47},
  year={2002},
  publisher={APS}
}


@article{watts,
  title={Collective dynamics of ‘small-world’networks},
  author={Watts, Duncan J and Strogatz, Steven H},
  journal={nature},
  volume={393},
  number={6684},
  pages={440--442},
  year={1998},
  publisher={Nature Publishing Group}
}


@book{west,
  title={Introduction to graph theory},
  author={West, Douglas Brent and others},
  volume={2},
  year={2001},
  publisher={Prentice hall Upper Saddle River}
}

@book{network,
  title={Networks, crowds, and markets: Reasoning about a highly connected world},
  author={Easley, David and Kleinberg, Jon},
  year={2010},
  publisher={Cambridge University Press}
}


@book{new,
  title={Networks: an introduction},
  author={Newman, Mark},
  year={(2010)},
  publisher={Oxford university press}
}


@article{erdos,
  title={On random graphs, I},
  author={Erd{\"o}s, Paul and R{\'e}nyi, Alfr{\'e}d},
  journal={Publicationes Mathematicae (Debrecen)},
  volume={6},
  pages={290--297},
  year={1959}
}


@article{milgram,
  title={The small world problem},
  author={Milgram, Stanley},
  journal={Psychology today},
  volume={2},
  number={1},
  pages={60--67},
  year={1967},
  publisher={New York}
}


@article{traver,
  title={An experimental study of the small world problem},
  author={Travers, Jeffrey and Milgram, Stanley},
  journal={Sociometry},
  pages={425--443},
  year={1969},
  publisher={JSTOR}
}

@article{camp,
  title={Tell your friends! word of mouth and percolation in social networks},
  author={Campbell, Arthur},
  journal={job-market paper},
  year={2009}
}



@article{bar,
  title={Emergence of scaling in random networks},
  author={Barab{\'a}si, Albert-L{\'a}szl{\'o} and Albert, R{\'e}ka},
  journal={science},
  volume={286},
  number={5439},
  pages={509--512},
  year={1999},
  publisher={American Association for the Advancement of Science}
}


@article{bara,
  title={Mean-field theory for scale-free random networks},
  author={Barab{\'a}si, Albert-L{\'a}szl{\'o} and Albert, R{\'e}ka and Jeong, Hawoong},
  journal={Physica A: Statistical Mechanics and its Applications},
  volume={272},
  number={1},
  pages={173--187},
  year={1999},
  publisher={Elsevier}
}

@article{alber,
  title={Statistical mechanics of complex networks},
  author={Albert, R{\'e}ka and Barab{\'a}si, Albert-L{\'a}szl{\'o}},
  journal={Reviews of modern physics},
  volume={74},
  number={1},
  pages={47},
  year={2002},
  publisher={APS}
}

@book{newman,
  title={Networks: an introduction},
  author={Newman, Mark},
  year={2010},
  publisher={Oxford university press}
}

@article{ec,
  title={Leaders of neuronal cultures in a quorum percolation model},
  author={Eckmann, J-P and Moses, Elisha and Stetter, Olav and Tlusty, Tsvi and Zbinden, Cyrille},
  journal={arXiv preprint arXiv:1009.5355},
  year={2010}
}

@article{barab,
  title={Scale-free networks},
  author={Barab{\'a}si, Albert-L{\'a}szl{\'o} and Bonabeau, Eric},
  journal={Scientific American},
  volume={288},
  number={5},
  pages={50--59},
  year={2003},
  publisher={Nature Publishing Group}
}


@article{gilani,
  title={Dynamical systems in neuroscience},
  author={Gilani, Taravat Saeb and H{\"o}vel, Philipp},
  journal={Computational Neuroscience},
  year={2012}
}


@book{percolate,
   title =     {Percolation },
   author =    {Bela Bollobás, Oliver Riordan},
   publisher = {Cambridge University Press},
   isbn =      {0521872324,9780521872324},
   year =      {2006},
   series =    {},
   edition =   {},
   volume =    {},
   url =       {http://gen.lib.rus.ec/book/index.php?md5=E3C12A7DD053514D3B2F5957931D3D6C}
   }
@book{jan,
   title =     {An Introduction to Computer Simulation Methods: Applications to Physical Systems},
   author =    {Harvey Gould, Jan Tobochnik, Wolfgang Christian},
   publisher = {},
   isbn =      {},
   year =      {2002},
   series =    {},
   edition =   {},
   volume =    {},
   url =       {http://gen.lib.rus.ec/book/index.php?md5=103EF038637D3DAE1101EF98C762A3B3}}

@book{bela,
   title =     {Percolation },
   author =    {Bela Bollobás, Oliver Riordan},
   publisher = {Cambridge University Press},
   isbn =      {0521872324,9780521872324},
   year =      {2006},
   series =    {},
   edition =   {},
   volume =    {},
   url =       {http://gen.lib.rus.ec/book/index.php?md5=E3C12A7DD053514D3B2F5957931D3D6C}
}


@book{book,
   title =     {Percolation Theory for Mathematicians},
   author =    {Harry Kesten (auth.)},
   publisher = {Birkhäuser Basel},
   isbn =      {978-0-8176-3107-9,978-1-4899-2730-9},
   year =      {1982},
   series =    {Progress in Probability and Statistics 2},
   edition =   {1},
   volume =    {},
   url =       {http://gen.lib.rus.ec/book/index.php?md5=E1B920CE6D6593246C34559B9B2823CC}
}


@book{sahini,
   title =     {Applications of percolation theory},
   author =    {M Sahini, M Sahimi},
   publisher = {CRC Press},
   isbn =      {9780748400768,0748400761},
   year =      {1994},
   series =    {},
   edition =   {},
   volume =    {},
   url =       {http://gen.lib.rus.ec/book/index.php?md5=BCCC9C0AC5F5B1D4AE73AB4684A6C48F}
   }


@article{percolation,
  title={Percolation theory},
  author={Christensen, Kim},
  journal={Imperial College London, London},
  pages={40},
  year={2002}
}


@article{grav,
  title={Local bootstrap percolation},
  author={Gravner, Janko and Holroyd, Alexander E and others},
  journal={Electron. J. Probab},
  volume={14},
  number={14},
  pages={385--399},
  year={2009}
}


@article{baba,
  title={Cluster counting: the Hoshen--Kopelman algorithm versus spanning tree approaches},
  author={Babalievski, F},
  journal={International Journal of Modern Physics C},
  volume={9},
  number={01},
  pages={43--60},
  year={1998},
  publisher={World Scientific}
}

@article{hosh,
  title={Percolation and cluster distribution. I. Cluster multiple labeling technique and critical concentration algorithm},
  author={Hoshen, Joseph and Kopelman, Raoul},
  journal={Physical Review B},
  volume={14},
  number={8},
  pages={3438},
  year={1976},
  publisher={APS}
}
  
 
@article{kozma,
  title={Neuropercolation},
  author={Kozma, Robert},
  journal={Scholarpedia},
  volume={2},
  number={8},
  pages={1360},
  year={2007}
}

@article{zu,
  title={A new distributed breadth-first-search algorithm},
  author={Zhu, Yunzhou and Cheung, To-Yat},
  journal={Information processing letters},
  volume={25},
  number={5},
  pages={329--333},
  year={1987},
  publisher={Elsevier}
}


@article{papa,
  title={Morphological analysis of dendritic spine development in primary cultures of hippocampal neurons},
  author={Papa, Michele and Bundman, Marsha C and Greenberger, Varda and Segal, Menahem},
  journal={The Journal of neuroscience},
  volume={15},
  number={1},
  pages={1--11},
  year={1995},
  publisher={Soc Neuroscience}
}


@article{cohen,
  title={Quorum percolation in living neural networks},
  author={Cohen, Or and Keselman, Anna and Moses, Elisha and Mart{\'\i}nez, M Rodr{\'\i}guez and Soriano, Jordi and Tlusty, Tsvi},
  journal={EPL (Europhysics Letters)},
  volume={89},
  number={1},
  pages={18008},
  year={2010},
  publisher={IOP Publishing}
}


  @book{net,
    title={Networks: an introduction},
    author={Newman, Mark},
    year={2010},
    publisher={Oxford university press}
  }
  

@article{complex,
  title={The structure and function of complex networks},
  author={Newman, Mark EJ},
  journal={SIAM review},
  volume={45},
  number={2},
  pages={167--256},
  year={2003},
  publisher={SIAM}
}


@article{reini,
  title={On the evolution of random graphs},
  author={Erd6s, Paul and R{\'e}nyi, A},
  journal={Publ. Math. Inst. Hungar. Acad. Sci},
  volume={5},
  pages={17--61},
  year={1960},
  publisher={Citeseer}
}

@article{baxter,
  title={Bootstrap percolation on complex networks},
  author={Baxter, Gareth J and Dorogovtsev, Sergey N and Goltsev, Alexander V and Mendes, Jos{\'e} FF},
  journal={Physical Review E},
  volume={82},
  number={1},
  pages={011103},
  year={2010},
  publisher={APS}
}

   

   













